<record><leader>00000cas a22000007a 4500</leader><controlfield tag="001">20322300</controlfield><controlfield tag="008">890911d19281974aruwr ne      0    0eng d</controlfield><datafield ind1=" " ind2=" " tag="010"><subfield code="a">sn 89051375 </subfield></datafield><datafield ind1=" " ind2=" " tag="040"><subfield code="a">ANU</subfield><subfield code="b">eng</subfield><subfield code="c">ANU</subfield><subfield code="d">OCLCQ</subfield></datafield><datafield ind1=" " ind2=" " tag="042"><subfield code="a">msc</subfield></datafield><datafield ind1="0" ind2=" " tag="130"><subfield code="a">Herald-Democrat (Clarksville, Ark. : Weekly : 1928)</subfield></datafield><datafield ind1="1" ind2="4" tag="245"><subfield code="a">The Herald-Democrat.</subfield></datafield><datafield ind1="1" ind2="7" tag="246"><subfield code="a">Herald-Democrat-news</subfield></datafield><datafield ind1=" " ind2=" " tag="260"><subfield code="a">Clarksville, Ark. :</subfield><subfield code="b">J.W. Sallis</subfield></datafield><datafield ind1=" " ind2=" " tag="300"><subfield code="a">v.</subfield></datafield><datafield ind1=" " ind2=" " tag="310"><subfield code="a">Weekly,</subfield><subfield code="b">Sept. 22, 1949-Apr. 25, 1974</subfield></datafield><datafield ind1=" " ind2=" " tag="321"><subfield code="a">Weekly,</subfield><subfield code="b">Feb. 23, 1928-June 1, 1939</subfield></datafield><datafield ind1=" " ind2=" " tag="321"><subfield code="a">Semiweekly,</subfield><subfield code="b">June 5, 1939-Apr. 1, 1943</subfield></datafield><datafield ind1=" " ind2=" " tag="321"><subfield code="a">Weekly,</subfield><subfield code="b">Apr. 8, 1943-Apr. 4, 1946</subfield></datafield><datafield ind1=" " ind2=" " tag="321"><subfield code="a">Semiweekly,</subfield><subfield code="b">Apr. 8, 1946-Sept. 15, 1949</subfield></datafield><datafield ind1="0" ind2=" " tag="362"><subfield code="a">52nd year, no. 52 (Feb. 23, 1928)-v. 99, no. 8 (Apr. 25, 1974).</subfield></datafield><datafield ind1=" " ind2=" " tag="752"><subfield code="a">United States</subfield><subfield code="b">Arkansas</subfield><subfield code="c">Johnson</subfield><subfield code="d">Clarksville.</subfield></datafield><datafield ind1="0" ind2=" " tag="775"><subfield code="t">Herald-Democrat (Clarksville, Ark. : Daily)</subfield><subfield code="w">(DLC)sn 89051322</subfield></datafield><datafield ind1="0" ind2="0" tag="780"><subfield code="t">Herald-Democrat and the Johnson County news</subfield><subfield code="w">(DLC)sn 89051324</subfield></datafield><datafield ind1="0" ind2="4" tag="785"><subfield code="t">Johnson County graphic</subfield><subfield code="w">(DLC)sn 89051313</subfield></datafield></record>